@article{Lagarias82,
 author = {Lagarias, J. C.},
 title = {Best simultaneous {Diophantine} approximations. {I}: {Growth} rates of best approximation denominators},
 fjournal = {Transactions of the American Mathematical Society},
 journal = {Trans. Am. Math. Soc.},
 issn = {0002-9947},
 volume = {272},
 pages = {545--554},
 year = {1982},
 language = {English},
 doi = {10.2307/1998713},
 zbMATH = {3779427},
 Zbl = {0495.10021}
}

%Minkowski Constant%
@article{Moshchevitin2002,
  author    = {Nikolay G. Moshchevitin},
  title     = {To the Blichfeldt–Mullender–Spohn theorem on simultaneous approximations},
  journal   = {Proceedings of the Steklov Mathematical Institute},
  volume    = {239},
  pages     = {268--274},
  year      = {2002},
  doi       = {10.1134/S008154380202014X},
}

%Minkowski Convex Body Theorem%
@misc{minkowski1893convex,
  author       = {Hermann Minkowski},
  title        = {Geometrie der Zahlen},
  year         = {1893},
  note         = {Presented in Halle, Germany. Introduced the Convex Body Theorem. Original publication in German.},
  howpublished = {Lecture and subsequent paper},
}

%Mosh1%
@article{Moshchevitin2005,
  author    = {Nikolay G. Moshchevitin},
  title     = {On the best two-dimensional joint Diophantine approximations in the sup-norm},
  journal   = {Moscow University Mathematics Bulletin},
  volume    = {60},
  number    = {6},
  pages     = {29--32},
  year      = {2005},
}

%General Theorem%
@article{MoshchevitinNeckrasov2025,
  author       = {Nikolay Moshchevitin and Vasiliy Neckrasov},
  title        = {Metric theory of inhomogeneous Diophantine approximations with a fixed matrix},
  journal      = {arXiv preprint arXiv:2503.21180},
  year         = {2025},
  archivePrefix= {arXiv},
  eprint       = {2503.21180},
  primaryClass = {math.NT},
  url          = {https://arxiv.org/abs/2503.21180}
}

%Ermakov%
@article{Ermakov2010,
  author       = {Evgeny V. Ermakov},
  title        = {Simultaneous two-dimensional best Diophantine approximations in the Euclidean norm},
  journal      = {arXiv preprint arXiv:1002.2713},
  year         = {2010},
  archivePrefix= {arXiv},
  eprint       = {1002.2713},
  primaryClass = {math.NT},
  url          = {https://arxiv.org/abs/1002.2713}
}


%Nowak, 13/8 constant%
@article{Nowak1981,
  author    = {W. G. Nowak},
  title     = {A note on simultaneous diophantine approximation},
  journal   = {Manuscripta Mathematica},
  volume    = {36},
  pages     = {33--46},
  year      = {1981},
  doi       = {10.1007/BF01174811},
}
